@ARTICLE{mobileappdomain,
 author = {KOSTOVA, S., VRANIÄ†, V.},
 title   = {Applying aspect-oriented change realization in the mobile application domain},
 journal = {Proceeding Programming'18 Companion Conference Companion of the 2nd International Conference on Art, Science, and Engineering of Programming, Nice, France},
 date = {2018-09-12},
 publisher = {New York: ACM},
 isbn  = {978-1-4503-5513-1},
}