%% This BibTeX bibliography file was created using BibDesk.
%% http://bibdesk.sourceforge.net/

%% Saved with string encoding Unicode (UTF-8) 

@article{mobileappdomain,
  author    = {KOSTOVA S., VRANIĆ V.},
  title     = {Applying aspect-oriented change realization in the mobile application domain},
  journal   = {Proceeding Programming'18 Companion Conference Companion of the 2nd International Conference on Art, Science, and Engineering of Programming, Nice, France},
  date      = {2018-09-12},
  publisher = {New York: ACM},
  isbn      = {978-1-4503-5513-1}
}

@book{mobileappsupport,
  author    = {TRÚCHLY P., PETRÍK T.},
  title     = {Mobile application supporting an engage in sport and social activities},
  note      = {Uverejnené v ICETA 2014},
  publisher = {Danvers: IEEE, 2014},
  pages     = {s. 477--482.},
  isbn      = {978-1-4799-7738-3}
}